@book
{
    康华光,
	author={康华光 and 张林},
	title={电子技术基础},
        volume={模拟部分},
        edition={7},
	publisher={高等教育出版社},
	year={2021},
	address={北京}
}

@book
{
    华成英,
	author={童诗白 and 华成英},
	title={模拟电子技术基础},
        %volume={},
        edition={5},
	publisher={高等教育出版社},
	year={2015},
	address={北京}
}

@book
{
    阎守胜,
	author={阎守胜},
	title={固体物理基础},
        %volume={},
        edition={3},
	publisher={北京大学出版社},
	year={2011},
	address={北京}
}